@article{breiman2001statistical,
  title={Statistical Modeling: The Two Cultures},
  author={Breiman, Leo},
  journal={Statistical Science},
  volume={16},
  number={3},
  pages={199--231},
  year={2001}
}
